<record><leader>00000cas a22000007a 4500</leader><controlfield tag="001">14146923</controlfield><controlfield tag="008">860826c19689999pauwr ne      0    0eng d</controlfield><datafield ind1=" " ind2=" " tag="010"><subfield code="a">sn 87080175 </subfield></datafield><datafield ind1=" " ind2=" " tag="040"><subfield code="a">PLF</subfield><subfield code="b">eng</subfield><subfield code="c">PLF</subfield><subfield code="d">NPH</subfield><subfield code="d">OCLCQ</subfield></datafield><datafield ind1=" " ind2=" " tag="042"><subfield code="a">msc</subfield></datafield><datafield ind1="0" ind2="4" tag="245"><subfield code="a">The Far Northeast citizen-sentinel.</subfield></datafield><datafield ind1="3" ind2="0" tag="246"><subfield code="a">Citizen-sentinel</subfield></datafield><datafield ind1=" " ind2=" " tag="260"><subfield code="a">Feasterville, PA :</subfield><subfield code="b">Progress Newspapers</subfield></datafield><datafield ind1=" " ind2=" " tag="300"><subfield code="a">v. :</subfield><subfield code="b">ill.</subfield></datafield><datafield ind1=" " ind2=" " tag="310"><subfield code="a">Weekly</subfield></datafield><datafield ind1="1" ind2=" " tag="362"><subfield code="a">Began in 1968.</subfield><subfield code="z">Cf. Rossell, G. Pa. newspapers.</subfield></datafield><datafield ind1=" " ind2=" " tag="500"><subfield code="a">"Serving the Far Northeast and Huntington Valley since 1968."</subfield></datafield><datafield ind1=" " ind2=" " tag="588"><subfield code="a">Description based on: Vol. 16, no. 14 (Apr. 4, 1984).</subfield></datafield><datafield ind1=" " ind2=" " tag="752"><subfield code="a">United States</subfield><subfield code="b">Pennsylvania</subfield><subfield code="c">Bucks</subfield><subfield code="d">Feasterville.</subfield></datafield><datafield ind1=" " ind2=" " tag="752"><subfield code="a">United States</subfield><subfield code="b">Pennsylvania</subfield><subfield code="c">Philadelphia</subfield><subfield code="d">Philadelphia.</subfield></datafield></record>